@Book{Helmut2005,
  author={Helmut LÃ¼tkepohl},
  title={{New Introduction to Multiple Time Series Analysis}},
  publisher={Springer},
  year=2005,
  month={March},
  volume={},
  number={978-3-540-27752-1},
  series={Springer Books},
  edition={},
  keywords={},
  doi={10.1007/978-3-540-27752-1},
  isbn={ARRAY(0x677fb3a0)},
  abstract={No abstract is available for this item.},
  url={https://ideas.repec.org/b/spr/sprbok/978-3-540-27752-1.html}
}